
@article{franco2004comparative,
	title={A comparative demography of plants based upon elasticities of vital rates},
	author={Franco, Miguel and Silvertown, Jonathan},
	journal={Ecology},
	volume={85},
	number={2},
	pages={531--538},
	year={2004},
	publisher={Wiley Online Library}
}

@article{Song2020,
	author = {Song, Chuliang and Ahn, Sarah Von and Rohr, Rudolf P. and Saavedra, Serguei},
	title = {Towards a Probabilistic Understanding About the Context-Dependency of Species Interactions},
	journal = {Trends in Ecology and Evolution},
	volume = {35},
	number = {5},
	pages = {384–396},
	year = {2020},
}

@article{Axelrod1981,
	author = {Axelrod, Robert and Hamilton, William D.},
	title = {The evolution of cooperation},
	journal = {Science},
	volume = {211},
	number = {4489},
	pages = {1390-1396},
	year = {1981},
}

@article{Stanton2003,
	author = {Stanton, Maureen L.},
	title = {Interacting Guilds: Moving beyond the Pairwise Perspective on Mutualisms},
	journal = {American Naturalist},
	volume = {162},
	pages = {S10–S23},
	year = {2003},
}

@article{metcalf2015statistical,
	title={Statistical modelling of annual variation for inference on stochastic population dynamics using Integral Projection Models},
	author={Metcalf, C. Jessica E. and Ellner, Stephen P. and Childs, Dylan Z. and Salguero-G{\'o}mez, Roberto and Merow, Cory and McMahon, Sean M. and Jongejans, Eelke and Rees, Mark},
	journal={Methods in Ecology and Evolution},
	volume={6},
	number={9},
	pages={1007--1017},
	year={2015},
	publisher={Wiley Online Library}
}

@Book{ellnerbook,
	author    = {Stephen P. Ellner and Dylan Z. Childs and Mark Rees},
	publisher = {Springer},
	title     = {Data-driven Modeling of Structured Populations: A Practical Guide to the Integral Projection Model},
	year      = {2016},
	address   = {New York},
}

@article{elderd2016quantifying,
	title={Quantifying demographic uncertainty: Bayesian methods for integral projection models},
	author={Elderd, Bret D. and Miller, Tom E. X.},
	journal={Ecological Monographs},
	volume={86},
	number={1},
	pages={125--144},
	year={2016},
	publisher={Wiley Online Library}
}

@article{Donald2022,
	title={Does ant--plant mutualism have spillover effects on the non-partner ant community?},
	author={Donald, Marion L. and Miller, Tom E. X.},
	journal={Ecology and Evolution},
	volume={12},
	number={1},
	pages={1-12},
	year={2022},
	publisher={Wiley Online Library}
}

@article{rogers2014,
	title={Bee species diversity enhances productivity and stability in a perennial crop},
	author={Rogers, Shelley R and Tarpy, David R and Burrack, Hannah J},
	journal={PloS one},
	volume={9},
	number={5},
	pages={e97307},
	year={2014}
}

@article{Bronstein2006,
	title = {The evolution of plant – insect mutualisms},
	author = {Bronstein, Judith L. and Alarc{\'{o}}n, Ruben and Geber, Monica},
	journal = {New Phytologist},
	volume = {172},
	pages = {412--428},
	year = {2006},
}

@article{Bronstein1998,
	title = {The Contribution of Ant-Plant Protection Studies to Our Understanding of Mutualism},
	author = {Bronstein, Judith L.},
	journal = {bioTropica},
	volume = {30},
	number = {2},
	pages = {150--161},
	year = {1998},
}

@article{Chamberlain2014,
	title = {How context dependent are species interactions?},
	author = {Chamberlain, Scott A. and Bronstein, Judith L. and Rudgers, Jennifer A.},
	journal = {Ecology Letters},
	volume = {17},
	pages = {881--890},
	year = {2014},
}

@article{Stachowicz2005,
	title = {Multiple mutualists provide complementary benefits to their seaweed host},
	author = {Stachowicz, John J. and Whitlatch, Robert B.},
	journal = {Ecology},
	volume = {86},
	number = {9},
	pages = {2418--2427},
	year = {2005}
}

@article{Rodriguez-Rodriguez2017,
	title = {Functional consequences of plant-animal interactions along the mutualism-antagonism gradient},
	author = {Rodriguez-Rodriguez, Maria C. and Jordano, Pedro and Valido, Alfredo},
	journal = {Ecology},
	volume = {98},
	number = {5},
	pages = {1266--1276},
	year = {2017},
}

@article{Bahia2022,
	title = {Antagonistic-mutualistic interaction between parrots and plants in the context of global change: Biological introductions and novel ecosystems},
	author = {Bahia, Rocio and Lambertucci, Sergio A. and Plaza, Pablo I. and Speziale, Karina L.},
	journal = {Biological Conservation},
	volume = {265},
	pages = {1-12},
	year = {2022},
}

@article{Palmer2010,
	title = {Synergy of multiple partners, including freeloaders, increases host fitness in a multispecies mutualism},
	author = {Palmer, Todd M. and Doak, Daniel F. and Stanton, Maureen L. and Bronstein, Judith L. and Kiers, Toby E. and Young, Truman P. and Goheen, Jacob R. and Pringle, Robert M.},
	journal = {PNAS},
	volume = {107},
	number = {40},
	pages = {17234--17239},
	year = {2010}
}

@article{Ohm2014,
	title = {Balancing Anti-Herbivore Benefits and Anti-Pollinator Costs of Defensive Mutualists},
	author = {Ohm, Johanna R. and Miller, Tom E. X.},
	journal = {Ecology},
	volume = {95},
	number = {10},
	pages = {2924--2935},
	year = {2014}
}

@article{Miller2007,
	title = {Does Having Multiple Partners Weaken the Benefits of Faculative Mutualism? A Test with Cacti and Cactus-Tending Ants},
	author = {Miller, Tom E. X.},
	journal = {Oikos},
	volume = {116},
	pages = {500--512},
	year = {2007},
}

@article{Miller2014,
	title = {Plant size and reproductive state affect the quantity and quality of rewards to animal mutualists},
	author = {Miller, Tom E. X.},
	journal = {Journal of Ecology},
	volume = {102},
	pages = {496--507},
	year = {2014}
}

@article{Benson1982,
	title = {Cacti of the United States and Canada},
	author = {Benson, L.},
	publisher = {Stanford University Press, Stanford, CA.},
	year = {1982}
}

@article{Ness2006,
	title = {INTEGRATING QUALITY AND QUANTITY OF MUTUALISTIC SERVICE TO CONTRAST ANT SPECIES PROTECTING \textit{Ferocactus wislizeni}},
	author = {Ness, Joshua H. and Morris, W. F. and Bronstein, Judith L.},
	journal = {Ecology},
	volume = {87},
	number = {4},
	pages = {912--921},
	year = {2006}
}

@article{Oliveira1999,
	title = {Interaction between ants, extrafloral nectaries and insect herbivores in Neotropical coastal sand dunes: Herbivore deterrence by visiting ants increases fruit set in \textit{Opuntia stricta} (Cactaceae)},
	author = {Oliveira, P. S. and Rico-Gray, V. and D{\'{i}}az-Castelazo, C. and Castillo-Guevara, C.},
	journal = {Functional Ecology},
	volume = {13},
	number = {5},
	pages = {623--631},
	year = {1999}
}

@book{Mann1969,
	title = {Cactus-feeding insects and mites.},
	author = {Mann, J. },
	series = {United States National Museum Bulletin.},
	publisher = {Smithsonian Institution Press},
	year = {1969}
}

@article{Miller2006,
	title = {Plant reproductive allocation predicts herbivore dynamics across spatial and temporal scales},
	author = {Miller, Tom E. X. and Tyre, Andrew J. and Louda, Svata M.},
	journal = {American Naturalist},
	volume = {168},
	pages = {608--616},
	year = {2006}
}

@article{Miller2009,
	title = {Impacts of insect herbivory on cactus population dynamics: Experimental demography across an environmental gradient},
	author = {Miller, Tom E.X. and Louda, Svata M. and Rose, Karen A. and Eckberg, James O.},
	journal = {Ecological Monographs},
	volume = {79},
	number = {1},
	pages = {155--172},
	year = {2009}
}

@article{Frederickson2013,
	title = {Rethinking Mutualism Stability: Cheaters and the Evolution of Sanctions},
	author = {Frederickson, Megan E.},
	journal = {Quarterly Review of Biology},
	volume = {88},
	number = {4},
	pages = {269--295},
	year = {2013}
}

@article{Bronstein1994,
	title = {Conditional Outcomes in Mutualistic Interactions},
	author = {Bronstein, Judith L.},
	journal = {TREE},
	volume = {9},
	number = {6},
	pages = {214--217},
	year = {1994}
}

@article{Boege2005,
	title = {Facing Herbivory as You Grow up: The Ontogeny of Resistance in Plants},
	author = {Boege, Karina and Marquis, Robert J.},
	journal = {Trends in Ecology and Evolution},
	volume = {20},
	pages = {441--448},
	year = {2005}
}

@article{Batstone2018,
	title = {Using niche breadth theory to explain generalization in mutualisms},
	author = {Batstone, Rebecca T. and Carscadden, Kelly A. and Afkhami, Michelle E. and Frederickson, Meghan E.},
	journal = {Ecology},
	volume = {99},
	number = {5},
	pages = {1039--1050},
	year = {2018}
}

@article{Barton2010,
	title = {The Ontogeny of Plant Defense and Herbivory: Characterizing General Patterns Using Meta-Analysis},
	author = {Barton, Kasey E. and Koricheva, Julia},
	journal = {The American Naturalist},
	volume = {175},
	number = {4},
	pages = {481--493},
	year = {2010}
}

@article{Afkhami2014,
	title = {Multiple mutualist effects: conflict and synergy in multispecies mutualisms},
	author = {Afkhami, Michelle E. and Rudgers, Jennifer A. and Stachowicz, John J.},
	journal = {Ecology},
	volume = {95},
	number = {4},
	pages = {833--844},
	year = {2014}
}

@article{Mandyam2014,
	title = {Mutualism-parasitism paradigm synthesized from results of root-endophyte models},
	author = {Mandyam, Keerthi G. and Jumpponen, Ari},
	journal = {Frontiers in Microbiology},
	volume = {5},
	number = {776},
	pages = {1--13},
	year = {2014}
}

@article{Thrall2007,
	title = {Coevolution of symbiotic mutualists and parasites in a community context},
	author = {Thrall, Peter H. and Hochberg, Michael E. and Burdon, Jeremy J. and Bever, James D.},
	journal = {Trends in Ecology and Evolution},
	volume = {22},
	number = {3},
	pages = {120--126},
	year = {2007}
}

@article{Kiers2003,
	title = {Host sanctions and the legume-rhizobium mutualism},
	author = {Kiers, E. Toby and Rousseau, Robert A. and West, Stuart A. and Denlson, R. Ford},
	journal = {Nature},
	volume = {425},
	pages = {78--81},
	year = {2003}
}

@article{Lazaro2022,
	title = {Portfolio effect and asynchrony as drivers of stability in plant–pollinator communities along a gradient of landscape heterogeneity},
	author = {L{\'{a}}zaro, Amparo and G{\'{o}}mez-Mart{\'{i}}nez, Carmelo and Gonz{\'{a}}lez-Est{\'{e}}vez, Miguel A. and Hidalgo, Manuel},
	journal = {Ecography},
	volume = {2022},
	number = {3},
	pages = {1--14},
	year = {2022}
}

@article{Alarcon2008,
	title = {Year-to-year variation in the topology of a plant-pollinator interaction network},
	author = {Alarc{\'{o}}n, Ruben and Waser, Nickolas M. and Ollerton, Jeff},
	journal = {Oikos},
	volume = {117},
	pages = {1796--1807},
	year = {2008}
}

@incollection{Ollerton2006,
	title = {Geographical Variation In Diversity and Specificity of Pollination Systems},
	author = {Ollerton, J. and Johnson, Steven D. and Hingston, B. Andrew},
	booktitle = {Plant–pollinator interactions: from specialization to generalization},
	year = {2006}
}

@book{Beattie1985,
	title = {The Evolutionary Ecology of Ant-Plant Mutualisms},
	author = {Beattie, Andrew},
	year = {1985},
	publisher = {Cambridge},
}

@article{Horvitz1986,
	title = {Seed Dispersal of a Neotropical Myrmecochore : Variation in Removal Rates and Dispersal Distance},
	author = {Horvitz, Carol C. and Schemske, Douglas W.},
	journal = {bioTropica},
	volume = {18},
	number = {4},
	pages = {319--323},
	year = {1986}
}

@article{Djieto-Lordon2005,
	title = {Ecology of an improbable association: The pseudomyrmecine plant-ant \textit{Tetraponera tessmanni} and the myrmecophytic liana \textit{Vitex thyrsiflora} (Lamiaceae) in Cameroon},
	author = {Dji{\'{e}}to-Lordon, Champlain and Dejean, Alain and Ring, Richard A. and Nkongmeneck, Bernard Aloys and Lauga, Jacques and McKey, Doyle},
	journal = {Biotropica},
	volume = {37},
	number = {3},
	pages = {421--430},
	year = {2005}
}

@article{Fonseca2003,
	title = {Ontogenetic Succession in Amazonian Ant Trees },
	author = {Fonseca, Carlos Roberto and Benson, Woodruff Whitman},
	journal = {Oikos},
	volume = {102},
	number = {2},
	pages = {407--412},
	year = {2003}
}

@article{Sachs2004,
	title = {The evolution of cooperation},
	author = {Sachs, Joel L. and Mueller, Ulrich G. and Wilcox, Thomas P. and Bull, James J.},
	journal = {Quarterly Review of Biology},
	volume = {79},
	number = {2},
	pages = {135--160},
	year = {2004}
}

@article{Nishi2013,
	title = {The role of multiple partners in a digestive mutualism with a protocarnivorous plant},
	author = {Nishi, Aline Hiroko and Vasconcellos-Neto, Jo{\~{a}}o and Romero, Gustavo Quevedo},
	journal = {Annals of Botany},
	volume = {111},
	pages = {143--150},
	year = {2013}
}

@article{Bruna2014,
	title = {Effect of mutualist partner identity on plant demography},
	author = {Bruna, Emilio M. and Izzo, Thiago J. and Inouye, Brian D. and Vasconcelos, Heraldo L.},
	journal = {Ecology},
	volume = {95},
	number = {12},
	pages = {3237--3243},
	year = {2014}
}

@article{Tgaard2015,
	title = {Geographical variation in mutualistic networks: Similarity, turnover and partner fidelity},
	author = {Tr{\o}jelsgaard, Kristian and Jordano, Pedro and Carstensen, Daniel W. and Olesen, Jens M.},
	journal = {Proceedings of the Royal Society B: Biological Sciences},
	volume = {282},
	pages = {1--9},
	year = {2015}
}

@article{Trager2010,
	title = {Benefits for plants in ant-plant protective mutualisms: A meta-analysis},
	author = {Trager, Matthew  D. and Bhotika, Smriti  and Hostetler, Jeffrey A. and Andrade, Gilda V. and Rodriguez-Cabal, Mariano A. and Mckeon, C. Seabird  and Osenberg, Craig W. and Bolker, Benjamin M.},
	journal = {PLoS ONE},
	volume = {5},
	number = {12},
	pages = {e14308},
	year = {2010},
}

@article{Agrawal1998,
   title = {Dynamic Anti-Herbivore Defense in Ant-Plants: The Role of Induced Responses},
   author = {Agrawal, Anurag A  and Rutter, Matthew T },
   volume = {83},
   number = {2},
   journal = {Oikos},
   pages = {227-236},
   year = {1998},
}

@article{Palmer2000,
   title = {Short-term dynamics of an acacia ant community in Laikipia, KenyaShort-term dynamics of an acacia ant community in Laikipia, Kenya},
   author = {Palmer, Todd M.  and Young, Truman P.  and Stanton, Maureen L.  and Wenk, Elizabeth },
   journal = {Oecologia},
   volume = {123},
   pages = {425-535},
   year = {2000},
}

@article{Barrett2015,
   title = {Partner diversity and identity impacts on plant productivity in \textit{Acacia}-rhizobial interactions},
   author = {Barrett, Luke G.  and Bever, James D.  and Bissett, Andrew  and Thrall, Peter H. },
   journal = {Journal of Ecology},
   volume = {103},
   pages = {130-142},
   year = {2015},
}

@article{Ushio2020,
   title = {Interaction capacity as a potential driver of community diversity},
   author = {Ushio, Masayuki },
   journal = {Proceedings of the Royal Society B},
   volume = {289},
   number = {1969},
   pages = {20212690},
   year = {2020},
}

@article{Byk2011,
   title = {Ant-plant interaction in the Neotropical savanna: Direct beneficial effects of extrafloral nectar on ant colony fitness},
   author = {Byk, Jonas  and Del-Claro, Kleber },
   journal = {Population Ecology},
   volume = {53},
   pages = {327-332},
   year = {2011},
}

@article{Ness2009,
   title = {For ant-protected plants, the best defense is a hungry offense},
   author = {Ness, J. H.  and Morris, W. F.  and Bronstein, Judith L. },
   journal = {Ecology},
   volume = {90},
   number = {10},
   pages = {2823-2831},
   year = {2009},
}

@article{Baez2016,
   title = {Ant Mutualism Increases Long-Term Growth and Survival of a Common Amazonian Tree},
   author = {Báez, Selene  and Donoso, David A.  and Queenborough, Simon A.  and Jaramillo, Liliana  and Valencia, Renato  and Dangles, Olivier },
   journal = {American Naturalist},
   volume = {188},
   number = {5},
   pages = {1--9},
   year = {2016}
}

@article{Fraser2001,
   title = {Assessing the quality of different ant species as partners of a myrmecophilous butterfly},
   author = {Fraser, Ann M.  and Axen, Annkristin H.  and Pierce, Naomi E. },
   journal = {Oecologia},
   volume = {129},
   pages = {452-460},
   year = {2001},
}

@article{Frederickson2005,
   title = {Ant species confer different partner benefits on two neotropical myrmecophytes},
   author = {Frederickson, Megan E. },
   journal = {Oecologia},
   volume = {143},
   pages = {387-395},
   year = {2005},
}

@article{Williams2012,
	title = {Avoiding unintentional eviction from integral projection models},
	author = {Williams, Jennifer L.  and Miller, Tom E. X.  and Ellner, Stephen P. },
	journal = {Ecology},
	volume = {93},
	number = {9},
	pages = {2008-2014},
	year = {2012},
}

@article{Rudgers2004,
	title = {ENEMIES OF HERBIVORES CAN SHAPE PLANT TRAITS: SELECTION IN A FACULTATIVE ANT-PLANT MUTUALISM},
	author = {Rudgers, Jennifer A. },
	journal = {Ecology},
	volume = {85},
	number = {1},
	pages = {192-205},
	year = {2004},
}

@article{Wetzel2023,
	title = {Annual Review of Ecology, Evolution, and Systematics Variability in Plant-Herbivore Interactions},
	author = {Wetzel, William C  and Inouye, Brian D  and Hahn, Philip G  and Whitehead, Susan R  and Underwood, Nora },
	journal = {Annual Review of Ecology, Evololution, and Systems},
	volume = {54},
	pages = {451--474},
	year = {2023},
}

@article{Yeung2006,
	title = {Receptor activation alters inner surface potential during phagocytosis},
	author = {Yeung, Tony  and Terebiznik, Mauricio  and Yu, Liming  and Silvius, John  and Abidi, Wasif M.  and Philips, Mark  and Levine, Tim  and Kapus, Andras  and Grinstein, Sergio },
	journal = {Science},
	volume = {313},
	pages = {347-351},
	year = {2006},
}

@article{Noe1994,
	author = {Noe, Ronald  and  Hammerstein, Peter },
	journal = {Behav Ecol Sociobiol},
	title = {Biological markets: supply and demand determine the effect of partner choice in cooperation, mutualism and mating},
	volume = {35},
	pages = {1--11},
	year = {1994},
}

@article{Wulff2008,
	author = {Wulff, Janie L. },
	journal = {The American Naturalist},
	title = {Life‐History Differences among Coral Reef Sponges Promote Mutualism or Exploitation of Mutualism by Influencing Partner Fidelity Feedback.},
	volume = {171},
	number = {5},
	pages = {553-700},
	year = {2008},
}

@article{Leigh2010,
	author = {Leigh, E. G.},
	journal = {Journal of Evolutionary Biology},
	pages = {2507-2528},
	title = {The evolution of mutualism},
	volume = {23},
	year = {2010},
}

@article{Bascompte2009,
	author = {Bascompte, Jordi },
	journal = {Science},
	pages = {414-416},
	title = {Disentangling the Web of Life},
	volume = {325},
	year = {2009},
}

@article{Horvitz1990,
	author = {Horvitz, Carol C. and Schemske, Douglas W.},
	issue = {3},
	journal = {Ecology},
	title = {Spatiotemporal Variation in Insect Mutualists of a Neotropical Herb},
	volume = {71},
	year = {1990},
}

@article{Dejean2008,
	author = {Dejean, Alain  and Djieto-Lordon, Champlain  and Cereghino, Regis  and Leponce, Mourice },
	journal = {Basic and Applied Ecology},
	title = {Ontogenetic succession and the ant mosaic: An empirical approach using pioneer trees},
	volume = {9},
	number = {3},
	pages = {316-323},
	year = {2008},
}

@Manual{Rcite,
    title = {R: A Language and Environment for Statistical Computing},
    author = {{R Core Team}},
    organization = {R Foundation for Statistical Computing},
     address = {Vienna, Austria},
    year = {2023},
    url = {https://www.R-project.org/},
  }
  
@Misc{Rstancite,
  	title = {{RStan}: the {R} interface to {Stan}},
  	author = {{Stan Development Team}},
  	note = {R package version 2.32.3},
  	year = {2023},
  	url = {https://mc-stan.org/},
}

  % CHECK
@Misc{DataCholla,
  	title = {Long-term study of tree cholla demography in the Los Pinos mountains, Sevilleta National Wildlife Refuge},
  	author = {Campbell, A. and Miller, T.E.X.},
  	year = {2024},
%  	url = {https://portal.edirepository.org/nis/mapbrowse?packageid=knb-lter-sev.323.1},
}

@article{Fiala1994,
  	author = {Fiala, Brigitte  and Grunsky, Harald  and Maschwitz, Ulrich and Linsenmair, K Eduard},
  	title = {Diversity of ant-plant interactions: protective efficacy in Macaranga species with different degrees of ant association},
  	journal = {Oecologia},
  	volume = {97},
  	year = {1994},
}
  
@article{Gaume1998,
  	author = {Gaume, Laurence  and Mckey, Doyle  and Terrin, Sandrine },
  	title = {Ant-plant-homopteran mutualism: how the third partner affects the interaction between a plant-specialist ant and its myrmecophyte host},
  	journal = {Ecological Entymology},
  	year = {1998},
}

@article{Dattilo2014,
  	author = {Dattilo, Wesley  and Marquitti, Flavia M D  and Guimaraes, Paulo R   and Izzo, Thiago J },
  	number = {2},
  	journal = {Ecology},
  	pages = {475-485},
  	title = {The structure of ant-plant ecological networks: Is abundance enough?},
  	volume = {95},
  	year = {2014},
 }
  
@article{Ludka2015,
  	author = {John Ludka and Katherine E. Levan and David A. Holway},
  	number = {4},
  	journal = {Ecological Entymology},
  	title = {Infiltration of a facultative ant–plant mutualism by the introduced Argentine ant: effects on mutualist diversity and mutualism benefits},
  	volume = {40},
  	pages = {437-443},
  	year = {2015},
}
  
@article{Ford2015,
  	author = { Ford, Kevin R.  and Ness, Joshua H.  and Bronstein, Judith L.  and Morris, William F. },
  	issue = {2},
  	journal = {Oecologia},
  	pages = {435-446},
  	title = {The demographic consequences of mutualism: ants increase host-plant fruit production but not population growth},
  	volume = {179},
  	year = {2015},
}
  
@article{Louda1995,
  	author = {Louda, Svata M.  and Potvin, Martha A. },
  	number = {1},
  	journal = {Ecology},
  	month = {1},
  	pages = {229-245},
  	title = {Effect of Inflorescence-Feeding Insects on the Demography and Lifetime of a Native Plant},
  	volume = {76},
  	year = {1995},
}
  
@article{Trojelsgaard2015,
  	author = {Trøjelsgaard, Kristian  and Jordano, Pedro  and Carstensen, Daniel W.  and Olesen, Jens M. },
  	journal = {Proceedings of the Royal Society B: Biological Sciences},
  	month = {1},
  	title = {Geographical variation in mutualistic networks: Similarity, turnover and partner fidelity},
  	volume = {282},
  	year = {2015},
}

@article{Alonso1998,
  	author = {Alonso, Leeanne E. },
  	number = {2},
  	journal = {Biotropica},
  	pages = {201-213},
  	publisher = {Association for Tropical Biology Inc.},
  	title = {Spatial and temporal variation in the ant occupants of a facultative ant-plant},
  	volume = {30},
  	year = {1998},
}

@article{Cardinale2007,
	author = {Cardinale, Bradley and Wright, Justin and Cadotte, Marc and Carroll, Ian and Hector, Andy and Srivastava, Diane and Loreau, Michel and Weis, Jerome},
	journal = {PNAS},
	volume = {104},
	issue = {46},
	pages = {18123–18128},
	title = {Impacts of plant diversity on biomass
	production increase through time
	because of species complementarity},
	year = {2007},
}

@article{Afkhami2021,
	author = {Afkhami, Michelle E. and Friesen, Maren L. and Stinchcombe, John R.},
	journal = {Ecology Letters},
	volume = {24},
	number = {9},
	pages = {1824-1834},
	title = {Multiple Mutualism Effects generate synergistic selection and strengthen fitness alignment in the interaction between legumes, rhizobia and mycorrhizal fungi},
	year = {2021},
}

@article{dallas2022temporal,
	title={Temporal variability in population and community dynamics},
	author={Dallas, Tad A and Kramer, Andrew M},
	journal={Ecology},
	volume={103},
	number={2},
	pages={e03577},
	year={2022},
	publisher={Wiley Online Library}
}

@article{Thibaut2012,
	author = {Loic M. Thibaut and Sean R. Connolly and Hugh P.A. Sweatman},
	number = {4},
	journal = {Ecology},
	pages = {891-901},
	title = {Diversity and stability of herbivorous fishes on coral reefs},
	volume = {93},
	year = {2012},
}

@article{Rees2009,
	author = {Rees, Mark and Ellner, Stephen P.},
	number = {4},
	journal = {Ecological Monographs},
	month = {11},
	pages = {575-594},
	title = {Integral projection models for populations in temporally varying environments},
	volume = {79},
	year = {2009},
}

@inbook{Hernandez2020,
	author = {Hernandez, Damian and Kiesewetter, Kasey and Palakurty, Sathvik and Stinchcombe, John and Afkhami, Michelle},
	title = {Synergism and symbioses: unpacking complex mutualistic species interactions using transcriptomic approaches},
	booktitle = {The Model Legume \textit{Medicago truncatula}},
	pages = {1045-1054},
	year = {2020},
}

@article{Keller2018,
		author = {Kane R. Keller and Sara Carabajal and Felipe Navarro and Jennifer A. Lau},
		journal = {Oecologia},
		pages = {185-194},
		title = {Effects of multiple mutualists on plants and their associated arthropod communities},
		volume = {186},
		year = {2018},
}

@article{Yang2024,
		author = {Nan Yang and Henriette L. Røder and Wisnu Adi Wicaksono and Birgit Wassermann and Jakob Russel and Xuanji Li and Joseph Nesme and Gabriele Berg and Søren J. Sørensen and Mette Burmølle},
		number = {1},
		journal = {ISME Journal},
		title = {Interspecific interactions facilitate keystone species in a multispecies biofilm that promotes plant growth},
		volume = {18},
		pages = {wrae012},
		year = {2024},
}
	
@article{Afkhami2016,
	author = {Michelle E. Afkhami and John R. Stinchcombe},
	issue = {19},
	journal = {Molecular Ecology},
	pages = {4946-4962},
	title = {Multiple mutualist effects on genomewide expression in the tripartite association between Medicago truncatula, nitrogen-fixing bacteria and mycorrhizal fungi},
	volume = {25},
	year = {2016},
}

@article{Fehling2022,
	author = {Laura Sharon Fehling},
	institution = {Miami University},
	title = {Reward Complementarity and Context Dependency in Multispecies Mutualist Interactions in Partridge Pea (\textit{Chamaecrista fasciculata})},
	year = {2022},
}

@article{Gustafson2005,
	author = {Danny Gustafson and Brenda Casper},
	journal = {Plant Ecology},
	pages = {257-263},
	title = {Differential host plant performance as a function of soil arbuscular mycorrhizal fungal communities: experimentally manipulating co-occurring Glomus species},
	volume = {183},
	year = {2005},
}

@article{McKeon2012,
	author = {C. Seabird McKeon and Adrian C. Stier and Shelby E. McIlroy and Benjamin M. Bolker},
	number = {4},
	journal = {Oecologia},
	pages = {1095-1103},
	title = {Multiple defender effects: Synergistic coral defense by mutualist crustaceans},
	volume = {169},
	year = {2012},
}

@article{Stevens2024,
	author = {Stevens, Bethany and Howard, Kristen and Bogar, Laura and Moeller, Holly},
	journal = {The American Naturalist},
	title = {Environmental fluctuations promote host reward strategies that maintain partner diversity in multispecies mutualisms},
	volume = {0},
	number = {2},
	year = {2024},
}

@article{Larimer2014,
	author = {Anna L. Larimer and Keith Clay and James D. Bever},
	issue = {4},
	journal = {Ecology},
	pages = {1045-1054},
	title = {Synergism and context dependency of interactions between arbuscular mycorrhizal fungi and rhizobia with a prairie legume.},
	volume = {95},
	year = {2014},
}

